@article{su13a,
  title={Lattice Boltzmann method coupled with the Oldroyd-B constitutive model for a viscoelastic fluid},
  author={Su, Jin and Ouyang, Jie and Wang, Xiaodong and Yang, Binxin},
  journal={Physical Review E},
  volume={88},
  number={5},
  pages={053304},
  year={2013},
  publisher={APS}
}
@article{oldroyd50a,
  title={On the formulation of rheological equations of state},
  author={Oldroyd, JG},
  journal={Proc. R. Soc. Lond. A},
  volume={200},
  number={1063},
  pages={523--541},
  year={1950},
  publisher={The Royal Society}
}

@incollection{morozov15a,
  title={Introduction to complex fluids},
  author={Morozov, Alexander and Spagnolie, Saverio E},
  booktitle={Complex Fluids in Biological Systems},
  pages={3--52},
  year={2015},
  publisher={Springer}
}
